<record><leader>00000cas a22000007a 4500</leader><controlfield tag="001">22419151</controlfield><controlfield tag="008">900921d18uu1uuucoudr ne      0    0eng d</controlfield><datafield ind1=" " ind2=" " tag="010"><subfield code="a">sn 90051702 </subfield></datafield><datafield ind1=" " ind2=" " tag="040"><subfield code="a">CNQ</subfield><subfield code="b">eng</subfield><subfield code="c">CNQ</subfield><subfield code="d">OCLCQ</subfield><subfield code="d">UUS</subfield><subfield code="d">OCLCO</subfield><subfield code="d">OCLCF</subfield></datafield><datafield ind1=" " ind2=" " tag="042"><subfield code="a">msc</subfield></datafield><datafield ind1="0" ind2="0" tag="245"><subfield code="a">Daily inter-Idaho.</subfield></datafield><datafield ind1="1" ind2="3" tag="246"><subfield code="a">Evening inter-Idaho</subfield></datafield><datafield ind1=" " ind2=" " tag="260"><subfield code="a">Hailey, Alturas Co., Idaho :</subfield><subfield code="b">C.H. Clay</subfield></datafield><datafield ind1=" " ind2=" " tag="300"><subfield code="a">v.</subfield></datafield><datafield ind1=" " ind2=" " tag="310"><subfield code="a">Daily</subfield></datafield><datafield ind1=" " ind2=" " tag="588"><subfield code="a">Description based on: Vol. 1 (Mar. 20, 1886).</subfield></datafield><datafield ind1=" " ind2="0" tag="650"><subfield code="a">American newspapers</subfield><subfield code="z">Idaho</subfield><subfield code="z">Hailey.</subfield></datafield><datafield ind1=" " ind2="7" tag="650"><subfield code="a">American newspapers.</subfield><subfield code="2">fast</subfield><subfield code="0">(OCoLC)fst00807293</subfield></datafield><datafield ind1=" " ind2="7" tag="651"><subfield code="a">Idaho</subfield><subfield code="z">Hailey.</subfield><subfield code="2">fast</subfield><subfield code="0">(OCoLC)fst01223629</subfield></datafield><datafield ind1=" " ind2=" " tag="752"><subfield code="a">United States</subfield><subfield code="b">Idaho</subfield><subfield code="c">Blaine</subfield><subfield code="d">Hailey.</subfield></datafield><datafield ind1=" " ind2=" " tag="752"><subfield code="a">United States</subfield><subfield code="b">Idaho</subfield><subfield code="c">Alturas</subfield><subfield code="d">Hailey.</subfield></datafield></record>